@book{Voisin_2002, place={Cambridge}, series={Cambridge Studies in Advanced Mathematics}, title={Hodge Theory and Complex Algebraic Geometry I}, publisher={Cambridge University Press}, author={Voisin, Claire}, editor={Schneps, LeilaTranslator}, year={2002}, collection={Cambridge Studies in Advanced Mathematics}} 

@book{demailly1997complex,
  title={Complex Analytic and Differential Geometry},
  author={Demailly, J.P.},
  url={https://books.google.es/books?id=jQHtGwAACAAJ},
  year={1997},
  publisher={Universit{\'e} de Grenoble I}
}
